<?xml version="1.0" encoding="UTF-8"?>
  <record xmlns="http://www.loc.gov/MARC21/slim" type="Authority">
    <leader>00000nz  a2200000nc 4500</leader>
    <controlfield tag="001">118804537</controlfield>
    <controlfield tag="003">DE-101</controlfield>
    <controlfield tag="005">20200217114342.0</controlfield>
    <controlfield tag="008">880701n||azznnaabn           | aaa    |c</controlfield>
    <datafield tag="024" ind1="7" ind2=" ">
      <subfield code="a">118804537</subfield>
      <subfield code="0">http://d-nb.info/gnd/118804537</subfield>
      <subfield code="2">gnd</subfield>
    </datafield>
    <datafield tag="035" ind1=" " ind2=" ">
      <subfield code="a">(DE-101)118804537</subfield>
    </datafield>
    <datafield tag="035" ind1=" " ind2=" ">
      <subfield code="a">(DE-588)118804537</subfield>
    </datafield>
    <datafield tag="035" ind1=" " ind2=" ">
      <subfield code="z">(DE-588)1158765231</subfield>
    </datafield>
    <datafield tag="035" ind1=" " ind2=" ">
      <subfield code="z">(DE-588)1089593546</subfield>
    </datafield>
    <datafield tag="035" ind1=" " ind2=" ">
      <subfield code="z">(DE-588a)118804537</subfield>
      <subfield code="9">v:zg</subfield>
    </datafield>
    <datafield tag="035" ind1=" " ind2=" ">
      <subfield code="z">(DE-588c)4116284-5</subfield>
      <subfield code="9">v:zg</subfield>
    </datafield>
    <datafield tag="040" ind1=" " ind2=" ">
      <subfield code="a">DE-101</subfield>
      <subfield code="c">DE-101</subfield>
      <subfield code="9">r:DE-101</subfield>
      <subfield code="b">ger</subfield>
      <subfield code="d">1601</subfield>
    </datafield>
    <datafield tag="042" ind1=" " ind2=" ">
      <subfield code="a">gnd1</subfield>
    </datafield>
    <datafield tag="043" ind1=" " ind2=" ">
      <subfield code="c">XA-IT</subfield>
    </datafield>
    <datafield tag="065" ind1=" " ind2=" ">
      <subfield code="a">16.5p</subfield>
      <subfield code="2">sswd</subfield>
    </datafield>
    <datafield tag="075" ind1=" " ind2=" ">
      <subfield code="b">p</subfield>
      <subfield code="2">gndgen</subfield>
    </datafield>
    <datafield tag="075" ind1=" " ind2=" ">
      <subfield code="b">piz</subfield>
      <subfield code="2">gndspec</subfield>
    </datafield>
    <datafield tag="079" ind1=" " ind2=" ">
      <subfield code="a">g</subfield>
      <subfield code="q">s</subfield>
      <subfield code="q">a</subfield>
      <subfield code="q">f</subfield>
      <subfield code="u">w</subfield>
      <subfield code="u">v</subfield>
    </datafield>
    <datafield tag="100" ind1="0" ind2=" ">
      <subfield code="a">Viktor Amadeus</subfield>
      <subfield code="b">I.</subfield>
      <subfield code="c">Sardinien, König</subfield>
      <subfield code="d">1666-1732</subfield>
    </datafield>
    <datafield tag="375" ind1=" " ind2=" ">
      <subfield code="a">1</subfield>
      <subfield code="2">iso5218</subfield>
    </datafield>
    <datafield tag="400" ind1="0" ind2=" ">
      <subfield code="9">L:fre</subfield>
      <subfield code="a">Victor-Amédée</subfield>
      <subfield code="b">I.</subfield>
      <subfield code="c">Sardaigne, roi</subfield>
      <subfield code="d">1666-1732</subfield>
      <subfield code="5">CH-GND</subfield>
    </datafield>
    <datafield tag="400" ind1="0" ind2=" ">
      <subfield code="9">L:eng</subfield>
      <subfield code="a">Victor Amadeus</subfield>
      <subfield code="b">I.</subfield>
      <subfield code="c">Sardinia, King</subfield>
      <subfield code="d">1666-1732</subfield>
      <subfield code="5">CH-GND</subfield>
      <subfield code="9">v:LOC-NA</subfield>
    </datafield>
    <datafield tag="400" ind1="0" ind2=" ">
      <subfield code="a">Victor Amadeus</subfield>
      <subfield code="c">Piemont, Fürst</subfield>
      <subfield code="d">1666-1732</subfield>
    </datafield>
    <datafield tag="400" ind1="0" ind2=" ">
      <subfield code="a">Victor Amadeus</subfield>
      <subfield code="b">II.</subfield>
      <subfield code="c">Sardinia, King</subfield>
      <subfield code="d">1666-1732</subfield>
      <subfield code="9">v:BLC</subfield>
    </datafield>
    <datafield tag="400" ind1="0" ind2=" ">
      <subfield code="a">Victor Amadeus</subfield>
      <subfield code="b">II.</subfield>
      <subfield code="c">Savoyen, Herzog</subfield>
      <subfield code="d">1666-1732</subfield>
    </datafield>
    <datafield tag="400" ind1="0" ind2=" ">
      <subfield code="a">Victor Amadeus</subfield>
      <subfield code="b">I.</subfield>
      <subfield code="c">Sicily, King</subfield>
      <subfield code="d">1666-1732</subfield>
    </datafield>
    <datafield tag="400" ind1="0" ind2=" ">
      <subfield code="a">Victor Amadeus</subfield>
      <subfield code="b">I.</subfield>
      <subfield code="c">Sardinien, König</subfield>
      <subfield code="d">1666-1732</subfield>
    </datafield>
    <datafield tag="400" ind1="0" ind2=" ">
      <subfield code="a">Victor Amadeo</subfield>
      <subfield code="b">II.</subfield>
      <subfield code="c">Savoyen, Herzog</subfield>
      <subfield code="d">1666-1732</subfield>
    </datafield>
    <datafield tag="400" ind1="0" ind2=" ">
      <subfield code="a">Vittorio Amedeo</subfield>
      <subfield code="b">II.</subfield>
      <subfield code="c">Sabaudia, duca</subfield>
      <subfield code="d">1666-1732</subfield>
    </datafield>
    <datafield tag="400" ind1="0" ind2=" ">
      <subfield code="a">Vittorio Amedeo</subfield>
      <subfield code="c">Piemonte, principe</subfield>
      <subfield code="d">1666-1732</subfield>
    </datafield>
    <datafield tag="400" ind1="0" ind2=" ">
      <subfield code="a">Vittorio Amedeo</subfield>
      <subfield code="c">Cipro, re</subfield>
      <subfield code="d">1666-1732</subfield>
    </datafield>
    <datafield tag="400" ind1="0" ind2=" ">
      <subfield code="a">Victor Amédée</subfield>
      <subfield code="b">II.</subfield>
      <subfield code="c">Savoie, duc</subfield>
      <subfield code="d">1666-1732</subfield>
      <subfield code="9">v:BN</subfield>
    </datafield>
    <datafield tag="400" ind1="0" ind2=" ">
      <subfield code="a">Victor Amédée</subfield>
      <subfield code="c">Sardaigne, roi</subfield>
      <subfield code="d">1666-1732</subfield>
    </datafield>
    <datafield tag="400" ind1="0" ind2=" ">
      <subfield code="a">Victor-Amédée</subfield>
      <subfield code="b">I.</subfield>
      <subfield code="c">Sardaigne, roi</subfield>
      <subfield code="d">1666-1732</subfield>
    </datafield>
    <datafield tag="400" ind1="0" ind2=" ">
      <subfield code="a">Victor-Amédée</subfield>
      <subfield code="b">II.</subfield>
      <subfield code="c">Sardaigne, roi</subfield>
      <subfield code="d">1666-1732</subfield>
    </datafield>
    <datafield tag="400" ind1="0" ind2=" ">
      <subfield code="a">Viktor Amadeus</subfield>
      <subfield code="b">II.</subfield>
      <subfield code="c">Savoyen, Herzog</subfield>
      <subfield code="d">1666-1732</subfield>
    </datafield>
    <datafield tag="400" ind1="0" ind2=" ">
      <subfield code="a">Viktor Amadeus</subfield>
      <subfield code="b">I.</subfield>
      <subfield code="c">Sizilien, König</subfield>
      <subfield code="d">1666-1732</subfield>
    </datafield>
    <datafield tag="400" ind1="0" ind2=" ">
      <subfield code="a">Viktor Amadeus</subfield>
      <subfield code="c">Sizilien, König</subfield>
      <subfield code="d">1666-1732</subfield>
    </datafield>
    <datafield tag="400" ind1="0" ind2=" ">
      <subfield code="a">Vittorio Amedeo</subfield>
      <subfield code="b">I.</subfield>
      <subfield code="c">Sardinia, King</subfield>
      <subfield code="d">1666-1732</subfield>
      <subfield code="9">v:NUC</subfield>
    </datafield>
    <datafield tag="400" ind1="0" ind2=" ">
      <subfield code="a">Vittorio Amedeo</subfield>
      <subfield code="b">II.</subfield>
      <subfield code="c">Savoia, duca</subfield>
      <subfield code="d">1666-1732</subfield>
    </datafield>
    <datafield tag="400" ind1="0" ind2=" ">
      <subfield code="a">Vittorio Amedeo</subfield>
      <subfield code="b">II.</subfield>
      <subfield code="c">Savoia, duce</subfield>
      <subfield code="d">1666-1732</subfield>
      <subfield code="9">v:EI, GDE</subfield>
    </datafield>
    <datafield tag="400" ind1="0" ind2=" ">
      <subfield code="a">Vittorio Amedeo</subfield>
      <subfield code="b">II.</subfield>
      <subfield code="c">Savoyen, Herzog</subfield>
      <subfield code="d">1666-1732</subfield>
    </datafield>
    <datafield tag="400" ind1="0" ind2=" ">
      <subfield code="a">Vittorio Amedeo</subfield>
      <subfield code="b">II.</subfield>
      <subfield code="c">Savoy, Duke</subfield>
      <subfield code="d">1666-1732</subfield>
    </datafield>
    <datafield tag="400" ind1="0" ind2=" ">
      <subfield code="a">Vittorio Amedeo</subfield>
      <subfield code="b">I.</subfield>
      <subfield code="c">Sicilia, re</subfield>
      <subfield code="d">1666-1732</subfield>
    </datafield>
    <datafield tag="400" ind1="0" ind2=" ">
      <subfield code="a">Vittorio Amedeo</subfield>
      <subfield code="b">I.</subfield>
      <subfield code="c">Sardegna, re</subfield>
      <subfield code="d">1666-1732</subfield>
    </datafield>
    <datafield tag="400" ind1="0" ind2=" ">
      <subfield code="a">Vittorio Amedeo</subfield>
      <subfield code="b">I.</subfield>
      <subfield code="c">Sicilia e Sardegna, re</subfield>
      <subfield code="d">1666-1732</subfield>
    </datafield>
    <datafield tag="400" ind1="0" ind2=" ">
      <subfield code="a">Vitttorio Amedeo</subfield>
      <subfield code="b">I.</subfield>
      <subfield code="c">Sicilia e Sardegna re</subfield>
      <subfield code="d">1666-1732</subfield>
    </datafield>
    <datafield tag="500" ind1="0" ind2=" ">
      <subfield code="0">(DE-101)133433722</subfield>
      <subfield code="0">(DE-588)133433722</subfield>
      <subfield code="0">https://d-nb.info/gnd/133433722</subfield>
      <subfield code="a">Carlo Emanuele</subfield>
      <subfield code="b">II.</subfield>
      <subfield code="c">Savoia, Duca</subfield>
      <subfield code="d">1634-1675</subfield>
      <subfield code="4">bezf</subfield>
      <subfield code="4">https://d-nb.info/standards/elementset/gnd#familialRelationship</subfield>
      <subfield code="w">r</subfield>
      <subfield code="i">Beziehung familiaer</subfield>
      <subfield code="e">Beziehung familiaer</subfield>
      <subfield code="9">v:Vater</subfield>
    </datafield>
    <datafield tag="500" ind1="0" ind2=" ">
      <subfield code="0">(DE-101)133606457</subfield>
      <subfield code="0">(DE-588)133606457</subfield>
      <subfield code="0">https://d-nb.info/gnd/133606457</subfield>
      <subfield code="a">Anna Maria</subfield>
      <subfield code="c">Savoyen, Herzogin</subfield>
      <subfield code="d">1669-1728</subfield>
      <subfield code="4">bezf</subfield>
      <subfield code="4">https://d-nb.info/standards/elementset/gnd#familialRelationship</subfield>
      <subfield code="w">r</subfield>
      <subfield code="i">Beziehung familiaer</subfield>
      <subfield code="e">Beziehung familiaer</subfield>
      <subfield code="9">v:Ehefrau</subfield>
    </datafield>
    <datafield tag="500" ind1="0" ind2=" ">
      <subfield code="0">(DE-101)119080184</subfield>
      <subfield code="0">(DE-588)119080184</subfield>
      <subfield code="0">https://d-nb.info/gnd/119080184</subfield>
      <subfield code="a">Karl Emmanuel</subfield>
      <subfield code="b">I.</subfield>
      <subfield code="c">Sardinien, König</subfield>
      <subfield code="d">1701-1773</subfield>
      <subfield code="4">bezf</subfield>
      <subfield code="4">https://d-nb.info/standards/elementset/gnd#familialRelationship</subfield>
      <subfield code="w">r</subfield>
      <subfield code="i">Beziehung familiaer</subfield>
      <subfield code="e">Beziehung familiaer</subfield>
      <subfield code="9">v:Sohn</subfield>
    </datafield>
    <datafield tag="548" ind1=" " ind2=" ">
      <subfield code="a">1666-1732</subfield>
      <subfield code="4">datl</subfield>
      <subfield code="4">https://d-nb.info/standards/elementset/gnd#dateOfBirthAndDeath</subfield>
      <subfield code="w">r</subfield>
      <subfield code="i">Lebensdaten</subfield>
    </datafield>
    <datafield tag="548" ind1=" " ind2=" ">
      <subfield code="a">17.05.1666-31.10.1732</subfield>
      <subfield code="4">datx</subfield>
      <subfield code="4">https://d-nb.info/standards/elementset/gnd#dateOfBirthAndDeath</subfield>
      <subfield code="w">r</subfield>
      <subfield code="i">Exakte Lebensdaten</subfield>
    </datafield>
    <datafield tag="551" ind1=" " ind2=" ">
      <subfield code="0">(DE-101)040612457</subfield>
      <subfield code="0">(DE-588)4061245-4</subfield>
      <subfield code="0">https://d-nb.info/gnd/4061245-4</subfield>
      <subfield code="a">Turin</subfield>
      <subfield code="4">ortg</subfield>
      <subfield code="4">https://d-nb.info/standards/elementset/gnd#placeOfBirth</subfield>
      <subfield code="w">r</subfield>
      <subfield code="i">Geburtsort</subfield>
    </datafield>
    <datafield tag="551" ind1=" " ind2=" ">
      <subfield code="0">(DE-101)945642482</subfield>
      <subfield code="0">(DE-588)4387487-3</subfield>
      <subfield code="0">https://d-nb.info/gnd/4387487-3</subfield>
      <subfield code="a">Rivoli</subfield>
      <subfield code="4">orts</subfield>
      <subfield code="4">https://d-nb.info/standards/elementset/gnd#placeOfDeath</subfield>
      <subfield code="w">r</subfield>
      <subfield code="i">Sterbeort</subfield>
    </datafield>
    <datafield tag="670" ind1=" " ind2=" ">
      <subfield code="a">LCAuth</subfield>
    </datafield>
    <datafield tag="670" ind1=" " ind2=" ">
      <subfield code="a">BnF Cat. général 11939758</subfield>
    </datafield>
    <datafield tag="670" ind1=" " ind2=" ">
      <subfield code="a">Wikipedia</subfield>
      <subfield code="u">https://de.wikipedia.org/wiki/Viktor_Amadeus_II.</subfield>
    </datafield>
    <datafield tag="672" ind1=" " ind2="0">
      <subfield code="a">Editto Di Sua Altezza Reale Il Serenissimo Duca di Savoia, Ré di Cipro, toccante la restiuzione delli habitanti delle Valli di Piemonte nelli loro antichi privileggi, e libertà di coscienza</subfield>
      <subfield code="f">1694</subfield>
    </datafield>
    <datafield tag="678" ind1=" " ind2=" ">
      <subfield code="b">Herzog von Savoyen 1675-1730; als König Viktor Amadeus I.: von Sizilien von 1713-1718, dann von Sardinien 1718/20-1730</subfield>
    </datafield>
    <datafield tag="700" ind1="0" ind2="7">
      <subfield code="a">Victor Amadeus</subfield>
      <subfield code="c">I, King of Sardinia</subfield>
      <subfield code="d">1666-1732</subfield>
      <subfield code="0">(DLC)n 82106898</subfield>
      <subfield code="2">naf</subfield>
      <subfield code="9">v:1666-1732</subfield>
    </datafield>
    <datafield tag="913" ind1=" " ind2=" ">
      <subfield code="S">pnd</subfield>
      <subfield code="i">5</subfield>
      <subfield code="a">Vittorio Amedeo &lt;Sardegna, Re, I.&gt;</subfield>
      <subfield code="0">(DE-588a)118804537</subfield>
    </datafield>
    <datafield tag="913" ind1=" " ind2=" ">
      <subfield code="S">pnd</subfield>
      <subfield code="i">5</subfield>
      <subfield code="a">Viktor Amadeus &lt;Sardinien, König, I.&gt;</subfield>
      <subfield code="0">(DE-588a)118804537</subfield>
    </datafield>
  </record>
